Automatically generated by Mendeley Desktop 1.19.8
Any changes to this file will be lost if it is regenerated by Mendeley.

BibTeX export options can be customized via Options -> BibTeX in Mendeley Desktop

@article{initial_implementation_edge_crossover,
author = {Whitley, Darrell and Starkweather, Timothy and Shaner, Daniel},
file = {:home/jorrit/.local/share/data/Mendeley Ltd./Mendeley Desktop/Downloaded/Whitley, Starkweather, Shaner - Unknown - The Traveling Salesman and Sequence Scheduling Quality Solutions Using Genetic Edge Recombinat.pdf:pdf},
pages = {18},
title = {{The Traveling Salesman and Sequence Scheduling: Quality Solutions Using Genetic Edge Recombination}}
}
