Automatically generated by Mendeley Desktop 1.19.8
Any changes to this file will be lost if it is regenerated by Mendeley.

BibTeX export options can be customized via Options -> BibTeX in Mendeley Desktop

@book{operating_systems_three_easy_pieces,
author = {Arpaci-Dusseau, Remzi H. and Arpaci-Dusseau, Andrea C.},
pages = {686},
title = {{Operating Systems: Three easy pieces}},
url = {https://pages.cs.wisc.edu/$\sim$remzi/OSTEP/}
}
@techreport{opgave,
author = {Deruyttere, Thierry},
institution = {KU Leuven},
pages = {1--8},
title = {{Gegevensstructuren en Algoritmen: Practicum 2}},
url = {https://p.cygnus.cc.kuleuven.be/webapps/blackboard/content/listContent.jsp?course_id=_961494_1&content_id=_29625916_1},
year = {2021}
}
@article{slides_linear_sorts,
author = {Dutr{\'{e}}, Philip},
file = {::},
pages = {29},
title = {{Slides Algoritmen & Datastructuren: Linear sorts}},
url = {https://p.cygnus.cc.kuleuven.be/bbcswebdav/pid-29771421-dt-content-rid-296191151_2/courses/B-KUL-G0T82a-2021/%28les05%29-linearsorts%286%29.pdf},
year = {2021}
}
@techreport{intel_caches,
author = {Intel},
file = {::},
title = {{Intel 64 and IA-32 Architectures Optimization Reference Manual}},
url = {http://www.intel.com/design/literature.htm.},
year = {2016}
}
@techreport{slides_analysis,
author = {Dutr{\'{e}}, Philip},
file = {::},
pages = {30},
title = {{Slides Algoritmen & Datastructuren: Analysis}},
year = {2021}
}
@book{handboek_algorithms,
abstract = {Essential Information about Algorithms and Data Structures A Classic Reference The latest version of Sedgewick, s best-selling series, reflecting an indispensable body of knowledge developed over the past several decades. Broad Coverage Full treatment of data structures and algorithms for sorting, searching, graph processing, and string processing, including fifty algorithms every programmer should know.},
address = {Upper Saddle River, NJ},
author = {Sedgewick, Robert and Wayne, Kevin},
edition = {4th ed.},
isbn = {9780321573513},
keywords = {Mathematics of computing},
publisher = {Addison-Wesley},
title = {{Algorithms}},
year = {2011}
}
@techreport{slides_quick_sort,
author = {Dutr{\'{e}}, Philip},
file = {::},
institution = {KU Leuven},
pages = {54},
title = {{Slides Algoritmen & Datastructuren: Quicksort}},
url = {https://p.cygnus.cc.kuleuven.be/bbcswebdav/pid-29698564-dt-content-rid-294863477_2/courses/B-KUL-G0T82a-2021/%28les03-04%29-quicksort%285%29.pdf},
year = {2021}
}
@misc{documentation_nanotime,
author = {Oracle},
title = {{Documentation System (Java Platform SE 7 )}},
url = {https://docs.oracle.com/javase/7/docs/api/java/lang/System.html#nanoTime()},
urldate = {2021-03-30}
}
