Automatically generated by Mendeley Desktop 1.19.8
Any changes to this file will be lost if it is regenerated by Mendeley.

BibTeX export options can be customized via Options -> BibTeX in Mendeley Desktop

@techreport{dfs_tree,
author = {Raedt, Luc De},
file = {:home/jorrit/.local/share/data/Mendeley Ltd./Mendeley Desktop/Downloaded/Raedt - 2020 - Slides Artifici{\"{e}}le Intelligentie Graph Search.pdf:pdf},
institution = {KU Leuven [H06U2a]},
pages = {56},
title = {{Slides Artifici{\"{e}}le Intelligentie Graph Search}},
year = {2020}
}
@article{opgave,
author = {Szymanski, Maxwell},
file = {:home/jorrit/.local/share/data/Mendeley Ltd./Mendeley Desktop/Downloaded/Szymanski - 2021 - Gegevensstructuren en Algoritmen Practicum 3.pdf:pdf},
pages = {1--5},
title = {{Gegevensstructuren en Algoritmen: Practicum 3}},
url = {https://p.cygnus.cc.kuleuven.be/webapps/blackboard/content/listContent.jsp?course_id=_961494_1&content_id=_29625916_1},
year = {2021}
}
